<record><leader>00000cas a22000007a 4500</leader><controlfield tag="001">22369750</controlfield><controlfield tag="008">900913d19001957nhumr ne      0   a0fre d</controlfield><datafield ind1=" " ind2=" " tag="010"><subfield code="a">sn 90004788 </subfield></datafield><datafield ind1=" " ind2=" " tag="040"><subfield code="a">NSD</subfield><subfield code="b">eng</subfield><subfield code="c">NSD</subfield><subfield code="d">NYS</subfield><subfield code="d">NVH</subfield><subfield code="d">OCLCQ</subfield><subfield code="d">OCLCF</subfield><subfield code="d">OCLCO</subfield></datafield><datafield ind1="0" ind2=" " tag="022"><subfield code="a">1052-6412</subfield><subfield code="l">1052-6412</subfield><subfield code="2">1</subfield></datafield><datafield ind1="1" ind2=" " tag="029"><subfield code="a">AU@</subfield><subfield code="b">000025873544</subfield></datafield><datafield ind1=" " ind2=" " tag="042"><subfield code="a">nsdp</subfield><subfield code="a">msc</subfield></datafield><datafield ind1=" " ind2=" " tag="043"><subfield code="a">n-us---</subfield></datafield><datafield ind1="1" ind2="0" tag="082"><subfield code="a">071</subfield><subfield code="2">11</subfield></datafield><datafield ind1="0" ind2=" " tag="130"><subfield code="a">Canado Ame&#769;ricain (Manchester, N.H. : 1900)</subfield></datafield><datafield ind1=" " ind2="3" tag="222"><subfield code="a">Le Canado Ame&#769;ricain</subfield><subfield code="b">(Newspaper)</subfield></datafield><datafield ind1="1" ind2="3" tag="245"><subfield code="a">Le Canado Ame&#769;ricain.</subfield></datafield><datafield ind1=" " ind2=" " tag="260"><subfield code="a">Manchester, N.H. :</subfield><subfield code="b">L'Association Canado-Ame&#769;ricains</subfield></datafield><datafield ind1=" " ind2=" " tag="300"><subfield code="a">v.</subfield></datafield><datafield ind1=" " ind2=" " tag="310"><subfield code="a">Monthly,</subfield><subfield code="b">mars 1915-oct. 1957</subfield></datafield><datafield ind1=" " ind2=" " tag="321"><subfield code="a">Weekly,</subfield><subfield code="b">13 oct. 1900-25 fe&#769;vr. 1915</subfield></datafield><datafield ind1="0" ind2=" " tag="362"><subfield code="a">Vol. 1, no. 1 (13 oct. 1900)-no. 200 (oct. 1957).</subfield></datafield><datafield ind1=" " ind2=" " tag="515"><subfield code="a">Vol. numbering irregular.</subfield></datafield><datafield ind1=" " ind2=" " tag="546"><subfield code="a">In French.</subfield></datafield><datafield ind1=" " ind2=" " tag="550"><subfield code="a">Journal official de L'Association Canado-Ame&#769;ricains.</subfield></datafield><datafield ind1=" " ind2=" " tag="588"><subfield code="a">Latest issue consulted: Vol. 7, no. 78 (Apr. 1945).</subfield></datafield><datafield ind1=" " ind2="0" tag="650"><subfield code="a">French-Canadians</subfield><subfield code="z">United States</subfield><subfield code="v">Newspapers.</subfield></datafield><datafield ind1=" " ind2="7" tag="655"><subfield code="a">Newspapers.</subfield><subfield code="2">fast</subfield><subfield code="0">(OCoLC)fst01423814</subfield></datafield><datafield ind1=" " ind2="7" tag="650"><subfield code="a">French-Canadians.</subfield><subfield code="2">fast</subfield><subfield code="0">(OCoLC)fst00934912</subfield></datafield><datafield ind1=" " ind2="7" tag="651"><subfield code="a">United States.</subfield><subfield code="2">fast</subfield><subfield code="0">(OCoLC)fst01204155</subfield></datafield><datafield ind1=" " ind2=" " tag="752"><subfield code="a">United States</subfield><subfield code="b">New Hampshire</subfield><subfield code="c">Hillsborough</subfield><subfield code="d">Manchester.</subfield></datafield></record>